
@article{bar-noy_unified_2001,
	title = {A unified approach to approximating resource allocation and scheduling},
	volume = {48},
	issn = {00045411},
	url = {http://portal.acm.org/citation.cfm?doid=502102.502107},
	doi = {10.1145/502102.502107},
	number = {5},
	urldate = {2014-09-04TZ},
	journal = {Journal of the ACM},
	author = {Bar-Noy, Amotz and Bar-Yehuda, Reuven and Freund, Ari and (Seffi) Naor, Joseph and Schieber, Baruch},
	month = sep,
	year = {2001},
	pages = {1069--1090}
}

@article{wang_channel_2004,
	title = {Channel adaptive fair queueing for scheduling integrated voice and data services in multicode {CDMA} systems},
	volume = {27},
	issn = {01403664},
	url = {http://linkinghub.elsevier.com/retrieve/pii/S014036640400088X},
	doi = {10.1016/j.comcom.2004.02.010},
	language = {en},
	number = {9},
	urldate = {2014-09-04TZ},
	journal = {Computer Communications},
	author = {Wang, Li and Kwok, Yu-Kwong and Lau, Wing-Cheong and Lau, Vincent K.N},
	month = jun,
	year = {2004},
	pages = {809--820}
}

@book{dahlman_4g_2014,
	title = {4G {LTE}/{LTE}-advanced for mobile broadband},
	url = {http://www.sciencedirect.com/science/book/9780124199859},
	abstract = {Annotation},
	language = {English},
	urldate = {2014-09-04TZ},
	author = {Dahlman, Erik and Parkvall, Stefan and SkoÌˆld, Johan},
	year = {2014}
}

@misc{_4g:_????,
	title = {4G: {LTE}/{LTE}-{Advanced} for {Mobile} {Broadband} {\textbar} 978-0-12-419985-9 {\textbar} {Elsevier}},
	url = {https://www.elsevier.com/books/4g-lte-lte-advanced-for-mobile-broadband/dahlman/978-0-12-419985-9},
	urldate = {2014-09-04TZ}
}

@article{larmo_lte_2009,
	title = {The {LTE} link-layer design},
	volume = {47},
	issn = {0163-6804},
	url = {http://ieeexplore.ieee.org/lpdocs/epic03/wrapper.htm?arnumber=4907407},
	doi = {10.1109/MCOM.2009.4907407},
	number = {4},
	urldate = {2014-09-04TZ},
	journal = {IEEE Communications Magazine},
	author = {Larmo, A. and Lindstrom, M. and Meyer, M. and Pelletier, G. and Torsner, J. and Wiemann, H.},
	month = apr,
	year = {2009},
	pages = {52--59}
}

@book{ali-yahiya_understanding_2011,
	address = {New York},
	title = {Understanding {LTE} and its performance},
	isbn = {1441964576  9781441964571},
	url = {http://site.ebrary.com/id/10483934},
	language = {English},
	urldate = {2014-09-04TZ},
	publisher = {Springer Science},
	author = {Ali-Yahiya, Tara},
	year = {2011}
}

@book{sesia_lte--umts_2011,
	address = {Chichester, West Sussex, U.K. ; Hoboken, N.J},
	edition = {2nd ed},
	title = {{LTE}--the {UMTS} long term evolution: from theory to practice},
	isbn = {9780470660256},
	shorttitle = {{LTE}--the {UMTS} long term evolution},
	publisher = {Wiley},
	author = {Sesia, Stefania},
	collaborator = {Toufik, Issam and Baker, Matthew},
	year = {2011},
	keywords = {Long-Term Evolution (Telecommunications), TECHNOLOGY \& ENGINEERING / Telecommunications, Universal Mobile Telecommunications System}
}

@inproceedings{liqun_zhao_qos_2012,
	title = {{QoS} guaranteed resource block allocation algorithm in {LTE} downlink},
	isbn = {978-1-4673-2699-5, 978-1-4673-2698-8, 978-1-4673-2697-1},
	url = {http://ieeexplore.ieee.org/lpdocs/epic03/wrapper.htm?arnumber=6417520},
	doi = {10.1109/ChinaCom.2012.6417520},
	urldate = {2014-07-21TZ},
	publisher = {IEEE},
	author = {Liqun Zhao and Yang Qin and Maode Ma and Xiaoxiong Zhong and Li Li},
	month = aug,
	year = {2012},
	pages = {425--429}
}

@inproceedings{na_guan_qos_2011,
	title = {{QoS} guaranteed resource block allocation algorithm for {LTE} systems},
	isbn = {978-1-4577-2014-7, 978-1-4577-2013-0, 978-1-4577-2012-3},
	url = {http://ieeexplore.ieee.org/lpdocs/epic03/wrapper.htm?arnumber=6085383},
	doi = {10.1109/WiMOB.2011.6085383},
	urldate = {2014-07-21TZ},
	publisher = {IEEE},
	author = {Na Guan and Zhou, Yiqing and Lin Tian and Gang Sun and Jinglin Shi},
	month = oct,
	year = {2011},
	pages = {307--312}
}

@inproceedings{shuaib_smoothing_2010,
	title = {Smoothing of video transmission rates for an {LTE} network},
	isbn = {978-1-4244-7743-2},
	url = {http://ieeexplore.ieee.org/lpdocs/epic03/wrapper.htm?arnumber=5644857},
	doi = {10.1109/WIMOB.2010.5644857},
	urldate = {2014-07-21TZ},
	publisher = {IEEE},
	author = {Shuaib, Khaled and Sallabi, Farag},
	month = oct,
	year = {2010},
	pages = {713--719}
}

@inproceedings{adibah_mohd_ramli_resource_2010,
	title = {Resource allocation technique for video streaming applications in the {LTE} system},
	isbn = {978-1-4244-7597-1},
	url = {http://ieeexplore.ieee.org/lpdocs/epic03/wrapper.htm?arnumber=5510666},
	doi = {10.1109/WOCC.2010.5510666},
	urldate = {2014-07-21TZ},
	publisher = {IEEE},
	author = {Adibah Mohd Ramli, Huda and Sandrasegaran, Kumbesan and Basukala, Riyaj and Patachaianand, Rachod and Minjie Xue and Cheng-Chung Lin},
	month = may,
	year = {2010},
	pages = {1--5}
}

@inproceedings{piro_two-level_2010,
	title = {A two-level scheduling algorithm for {QoS} support in the downlink of {LTE} cellular networks},
	isbn = {978-1-4244-5999-5},
	url = {http://ieeexplore.ieee.org/lpdocs/epic03/wrapper.htm?arnumber=5483423},
	doi = {10.1109/EW.2010.5483423},
	urldate = {2014-07-21TZ},
	publisher = {IEEE},
	author = {Piro, Giuseppe and Grieco, Luigi Alfredo and Boggia, Gennaro and Camarda, Pietro},
	year = {2010},
	pages = {246--253}
}

@inproceedings{aydin_multiuser_2011,
	title = {Multiuser {Scheduling} on the {LTE} {Downlink} with {Simulated} {Annealing}},
	isbn = {978-1-4244-8332-7},
	url = {http://ieeexplore.ieee.org/lpdocs/epic03/wrapper.htm?arnumber=5956238},
	doi = {10.1109/VETECS.2011.5956238},
	urldate = {2014-07-21TZ},
	publisher = {IEEE},
	author = {Aydin, Mehmet E. and Kwan, Raymond and Wu, Joyce and Zhang, Jie},
	month = may,
	year = {2011},
	pages = {1--5}
}

@inproceedings{zaki_multi-qos-aware_2011,
	title = {Multi-{QoS}-{Aware} {Fair} {Scheduling} for {LTE}},
	isbn = {978-1-4244-8332-7},
	url = {http://ieeexplore.ieee.org/lpdocs/epic03/wrapper.htm?arnumber=5956352},
	doi = {10.1109/VETECS.2011.5956352},
	urldate = {2014-07-21TZ},
	publisher = {IEEE},
	author = {Zaki, Yasir and Weerawardane, Thushara and Gorg, Carmelita and Timm-Giel, Andreas},
	month = may,
	year = {2011},
	pages = {1--5}
}

@article{lai_qos-aware_2013,
	title = {{QoS}-aware downlink packet scheduling for {LTE} networks},
	volume = {57},
	issn = {13891286},
	url = {http://linkinghub.elsevier.com/retrieve/pii/S1389128613000352},
	doi = {10.1016/j.comnet.2013.02.017},
	language = {en},
	number = {7},
	urldate = {2014-07-21TZ},
	journal = {Computer Networks},
	author = {Lai, Wei Kuang and Tang, Chang-Lung},
	month = may,
	year = {2013},
	pages = {1689--1698}
}

@inproceedings{tran_optimized_2012,
	title = {Optimized scheduling algorithm for {LTE} downlink system},
	isbn = {978-1-4673-0437-5, 978-1-4673-0436-8, 978-1-4673-0435-1},
	url = {http://ieeexplore.ieee.org/lpdocs/epic03/wrapper.htm?arnumber=6214011},
	doi = {10.1109/WCNC.2012.6214011},
	urldate = {2014-07-21TZ},
	publisher = {IEEE},
	author = {Tran, Sang V. and Eltawil, Ahmed M.},
	month = apr,
	year = {2012},
	pages = {1462--1466}
}

@inproceedings{kwon_uplink_2011,
	title = {Uplink {QoS} {Scheduling} for {LTE} {System}},
	isbn = {978-1-4244-8332-7},
	url = {http://ieeexplore.ieee.org/lpdocs/epic03/wrapper.htm?arnumber=5956348},
	doi = {10.1109/VETECS.2011.5956348},
	urldate = {2014-07-21TZ},
	publisher = {IEEE},
	author = {Kwon, Sungoh and Lee, Neung-Hyung},
	month = may,
	year = {2011},
	pages = {1--5}
}

@inproceedings{su_multiuser_2010,
	title = {Multiuser {Pairing} {Scheduling} {Considering} {QoS} in {Virtual} {MIMO} {System}},
	isbn = {978-1-4244-6327-5},
	url = {http://ieeexplore.ieee.org/lpdocs/epic03/wrapper.htm?arnumber=5471617},
	doi = {10.1109/CMC.2010.135},
	urldate = {2014-07-21TZ},
	publisher = {IEEE},
	author = {Su, Jie and Pei, Ting-rui and He, Zhen-hua and Luo, Zhao-long},
	month = apr,
	year = {2010},
	pages = {461--465}
}

@inproceedings{safa_qos-aware_2013,
	title = {A {QoS}-{Aware} {Uplink} {Scheduling} {Paradigm} for {LTE} {Networks}},
	isbn = {978-1-4673-5550-6, 978-0-7695-4953-8},
	url = {http://ieeexplore.ieee.org/lpdocs/epic03/wrapper.htm?arnumber=6531875},
	doi = {10.1109/AINA.2013.38},
	urldate = {2014-07-21TZ},
	publisher = {IEEE},
	author = {Safa, Haidar and El-Hajj, Wassim and Tohme, Kamal},
	month = mar,
	year = {2013},
	pages = {1097--1104}
}

@inproceedings{wu_fairness_2013,
	title = {Fairness uplink packet scheduling strategies in {LTE} networks},
	isbn = {978-1-4673-3037-4, 978-1-4673-3036-7, 978-1-4673-3035-0},
	url = {http://ieeexplore.ieee.org/lpdocs/epic03/wrapper.htm?arnumber=6512335},
	doi = {10.1109/ISNE.2013.6512335},
	urldate = {2014-07-21TZ},
	publisher = {IEEE},
	author = {Wu, Shih-Jung},
	month = feb,
	year = {2013},
	pages = {244--247}
}

@inproceedings{yang_frequency-domain_2010,
	title = {Frequency-{Domain} {Packet} {Scheduling} for 3GPP {LTE} {Uplink}},
	isbn = {978-1-4244-5836-3},
	url = {http://ieeexplore.ieee.org/lpdocs/epic03/wrapper.htm?arnumber=5462089},
	doi = {10.1109/INFCOM.2010.5462089},
	urldate = {2014-07-21TZ},
	publisher = {IEEE},
	author = {Yang, Hongkun and Ren, Fengyuan and Lin, Chuang and Zhang, Jiao},
	month = mar,
	year = {2010},
	pages = {1--9}
}

@inproceedings{polignano_power_2011,
	title = {Power {Savings} and {QoS} {Impact} for {VoIP} {Application} with {DRX}/{DTX} {Feature} in {LTE}},
	isbn = {978-1-4244-8332-7},
	url = {http://ieeexplore.ieee.org/lpdocs/epic03/wrapper.htm?arnumber=5956309},
	doi = {10.1109/VETECS.2011.5956309},
	urldate = {2014-07-21TZ},
	publisher = {IEEE},
	author = {Polignano, Michele and Vinella, Dario and Laselva, Daniela and Wigard, Jeroen and Sorensens, Troels B.},
	month = may,
	year = {2011},
	pages = {1--5}
}

@inproceedings{han_power_2010,
	title = {Power {Efficient} {Dynamic} {Resource} {Scheduling} {Algorithms} for {LTE}},
	isbn = {978-1-4244-3573-9},
	url = {http://ieeexplore.ieee.org/lpdocs/epic03/wrapper.htm?arnumber=5594389},
	doi = {10.1109/VETECF.2010.5594389},
	urldate = {2014-07-21TZ},
	publisher = {IEEE},
	author = {Han, C. and Beh, K. C. and Nicolaou, M. and Armour, S. and Doufexi, A.},
	month = sep,
	year = {2010},
	pages = {1--5}
}

@inproceedings{jia-ming_liang_energy-efficient_2013,
	title = {Energy-efficient {DRX} scheduling for multicast transmissions in 3GPP {LTE}-{Advanced} wireless networks},
	isbn = {978-1-4673-5939-9, 978-1-4673-5938-2, 978-1-4673-5937-5},
	url = {http://ieeexplore.ieee.org/lpdocs/epic03/wrapper.htm?arnumber=6554623},
	doi = {10.1109/WCNC.2013.6554623},
	urldate = {2014-07-21TZ},
	publisher = {IEEE},
	author = {Jia-Ming Liang and Po-Chun Hsieh and Jen-Jee Chen and Yu-Chee Tseng},
	month = apr,
	year = {2013},
	pages = {551--556}
}

@inproceedings{sabagh_heuristic_2013,
	title = {A heuristic energy efficient scheduling scheme for {VoIP} in 3GPP {LTE} networks},
	isbn = {978-1-4673-5753-1},
	url = {http://ieeexplore.ieee.org/lpdocs/epic03/wrapper.htm?arnumber=6649269},
	doi = {10.1109/ICCW.2013.6649269},
	urldate = {2014-07-21TZ},
	publisher = {IEEE},
	author = {Sabagh, Mohammad R. and Dianati, Mehrdad and Imran, Muhammad A. and Tafazolli, Rahim},
	month = jun,
	year = {2013},
	pages = {413--418}
}

@inproceedings{delgado_scheduling_2010,
	title = {Scheduling and resource allocation for multiclass services in {LTE} uplink systems},
	isbn = {978-1-4244-7743-2},
	url = {http://ieeexplore.ieee.org/lpdocs/epic03/wrapper.htm?arnumber=5645044},
	doi = {10.1109/WIMOB.2010.5645044},
	urldate = {2014-07-21TZ},
	publisher = {IEEE},
	author = {Delgado, Oscar and Jaumard, Brigitte},
	month = oct,
	year = {2010},
	pages = {355--360}
}

@inproceedings{delgado_scheduling_2010-1,
	title = {Scheduling and resource allocation for multiclass services in {LTE} uplink systems},
	isbn = {978-1-4244-7743-2},
	url = {http://ieeexplore.ieee.org/lpdocs/epic03/wrapper.htm?arnumber=5645044},
	doi = {10.1109/WIMOB.2010.5645044},
	urldate = {2014-07-21TZ},
	publisher = {IEEE},
	author = {Delgado, Oscar and Jaumard, Brigitte},
	month = oct,
	year = {2010},
	pages = {355--360}
}

@inproceedings{delgado_scheduling_2010-2,
	title = {Scheduling and {Resource} {Allocation} in {LTE} {Uplink} with a {Delay} {Requirement}},
	isbn = {978-1-4244-6248-3},
	url = {http://ieeexplore.ieee.org/lpdocs/epic03/wrapper.htm?arnumber=5489385},
	doi = {10.1109/CNSR.2010.33},
	urldate = {2014-07-21TZ},
	publisher = {IEEE},
	author = {Delgado, Oscar and Jaumard, Brigitte},
	year = {2010},
	pages = {268--275}
}

@inproceedings{kaddour_opportunistic_2013,
	title = {Opportunistic and efficient resource block allocation algorithms for {LTE} uplink networks},
	isbn = {978-1-4673-5939-9, 978-1-4673-5938-2, 978-1-4673-5937-5},
	url = {http://ieeexplore.ieee.org/lpdocs/epic03/wrapper.htm?arnumber=6554612},
	doi = {10.1109/WCNC.2013.6554612},
	urldate = {2014-07-21TZ},
	publisher = {IEEE},
	author = {Kaddour, Fatima Zohra and Pischella, Mylene and Martins, Philippe and Vivier, Emmanuelle and Mroueh, Lina},
	month = apr,
	year = {2013},
	pages = {487--492}
}

@inproceedings{liqun_zhao_qos_2012-1,
	title = {{QoS} guaranteed resource block allocation algorithm in {LTE} downlink},
	isbn = {978-1-4673-2699-5, 978-1-4673-2698-8, 978-1-4673-2697-1},
	url = {http://ieeexplore.ieee.org/lpdocs/epic03/wrapper.htm?arnumber=6417520},
	doi = {10.1109/ChinaCom.2012.6417520},
	urldate = {2014-07-21TZ},
	publisher = {IEEE},
	author = {Liqun Zhao and Yang Qin and Maode Ma and Xiaoxiong Zhong and Li Li},
	month = aug,
	year = {2012},
	pages = {425--429}
}

@article{jiang_two-step_2013,
	title = {Two-{Step} {Resource} {Block} {Allocation} {Algorithm} for {Data} {Rate} {Maximization} in {LTE} {Downlink} {Systems}},
	volume = {05},
	issn = {1949-2421, 1947-3826},
	url = {http://www.scirp.org/journal/PaperDownload.aspx?DOI=10.4236/cn.2013.53B2015},
	doi = {10.4236/cn.2013.53B2015},
	number = {03},
	urldate = {2014-07-21TZ},
	journal = {Communications and Network},
	author = {Jiang, Baorong and Sun, Li and Ren, Pinyi},
	year = {2013},
	pages = {74--79}
}

@inproceedings{lei_adaptive_2008,
	title = {Adaptive {Connection} {Admission} {Control} {Algorithm} for {LTE} {Systems}},
	isbn = {978-1-4244-1644-8, 978-1-4244-1645-5},
	url = {http://ieeexplore.ieee.org/lpdocs/epic03/wrapper.htm?arnumber=4526074},
	doi = {10.1109/VETECS.2008.518},
	urldate = {2014-07-21TZ},
	publisher = {IEEE},
	author = {Lei, Haipeng and Yu, Mingliang and Zhao, Anjun and Chang, Yongyu and Yang, Dacheng},
	month = may,
	year = {2008},
	pages = {2336--2340}
}

@inproceedings{balint_scheduling_2010,
	title = {Scheduling techniques evaluation in {LTE} systems with mixed data traffic},
	isbn = {978-1-4244-8457-7},
	url = {http://ieeexplore.ieee.org/lpdocs/epic03/wrapper.htm?arnumber=5679342},
	doi = {10.1109/ISETC.2010.5679342},
	urldate = {2014-07-21TZ},
	publisher = {IEEE},
	author = {Balint, Cornel and Budura, Georgeta and Marza, Eugen},
	month = nov,
	year = {2010},
	pages = {221--224}
}

@inproceedings{ai_qos-guaranteed_2010,
	title = {{QoS}-guaranteed cross-layer resource allocation algorithm for multiclass services in downlink {LTE} system},
	isbn = {978-1-4244-7556-8},
	url = {http://ieeexplore.ieee.org/lpdocs/epic03/wrapper.htm?arnumber=5633846},
	doi = {10.1109/WCSP.2010.5633846},
	urldate = {2014-07-21TZ},
	publisher = {IEEE},
	author = {Ai, Qing and Wang, Ping and Liu, Fuqiang and Wang, Yujin and Yang, Feifei and Xu, Jing},
	month = oct,
	year = {2010},
	pages = {1--4}
}

@inproceedings{qian_multi-service_2009,
	title = {Multi-service {QoS} guaranteed based downlink cross-layer resource block allocation algorithm in {LTE} systems},
	isbn = {978-1-4244-4856-2},
	url = {http://ieeexplore.ieee.org/lpdocs/epic03/wrapper.htm?arnumber=5371430},
	doi = {10.1109/WCSP.2009.5371430},
	urldate = {2014-07-21TZ},
	publisher = {IEEE},
	author = {Qian, Yunzhi and Ren, Canjun and Tang, Suwen and Chen, Ming},
	month = nov,
	year = {2009},
	pages = {1--4}
}

@inproceedings{mezzavilla_communication_2011,
	title = {Communication protocols and simulation tool development for multimedia traffic optimization in {LTE} networks},
	isbn = {978-1-4577-0352-2},
	url = {http://ieeexplore.ieee.org/lpdocs/epic03/wrapper.htm?arnumber=5986157},
	doi = {10.1109/WoWMoM.2011.5986157},
	urldate = {2014-07-21TZ},
	publisher = {IEEE},
	author = {Mezzavilla, Marco},
	month = jun,
	year = {2011},
	pages = {1--3}
}

@inproceedings{bojovic_cognitive_2012,
	title = {A {Cognitive} scheme for {Radio} {Admission} {Control} in {LTE} systems},
	isbn = {978-1-4673-1878-5, 978-1-4673-1877-8, 978-1-4673-1876-1},
	url = {http://ieeexplore.ieee.org/lpdocs/epic03/wrapper.htm?arnumber=6232936},
	doi = {10.1109/CIP.2012.6232936},
	urldate = {2014-07-21TZ},
	publisher = {IEEE},
	author = {Bojovic, Biljana and Baldo, Nicola and Dini, Paolo},
	month = may,
	year = {2012},
	pages = {1--3}
}

@inproceedings{alonso-rubio_self-optimization_2010,
	title = {Self-optimization for handover oscillation control in {LTE}},
	isbn = {978-1-4244-5366-5},
	url = {http://ieeexplore.ieee.org/lpdocs/epic03/wrapper.htm?arnumber=5488335},
	doi = {10.1109/NOMS.2010.5488335},
	urldate = {2014-07-21TZ},
	publisher = {IEEE},
	author = {Alonso-Rubio, Jose},
	year = {2010},
	pages = {950--953}
}

@inproceedings{khitem_reducing_2010,
	title = {Reducing handoff dropping probability in 3GPP {LTE} network},
	isbn = {978-1-4244-8839-1},
	url = {http://ieeexplore.ieee.org/lpdocs/epic03/wrapper.htm?arnumber=5699816},
	doi = {10.1109/COMNET.2010.5699816},
	urldate = {2014-07-21TZ},
	publisher = {IEEE},
	author = {Khitem, Ben Ali and Zarai, Faouzi and Kamoun, Lotfi},
	month = nov,
	year = {2010},
	pages = {1--8}
}

@inproceedings{kwan_radio_2010,
	title = {On {Radio} {Admission} {Control} for {LTE} {Systems}},
	isbn = {978-1-4244-3573-9},
	url = {http://ieeexplore.ieee.org/lpdocs/epic03/wrapper.htm?arnumber=5594566},
	doi = {10.1109/VETECF.2010.5594566},
	urldate = {2014-07-21TZ},
	publisher = {IEEE},
	author = {Kwan, Raymond and Arnott, Rob and Kubota, Mitsuhiro},
	month = sep,
	year = {2010},
	pages = {1--5}
}

@inproceedings{bae_delay-aware_2009,
	title = {Delay-aware call admission control algorithm in 3GPP {LTE} system},
	isbn = {978-1-4244-4546-2},
	url = {http://ieeexplore.ieee.org/lpdocs/epic03/wrapper.htm?arnumber=5396157},
	doi = {10.1109/TENCON.2009.5396157},
	urldate = {2014-07-21TZ},
	publisher = {IEEE},
	author = {Bae, Sueng Jae and Choi, Bum-Gon and Chung, Min Young and Lee, Jin Ju and Kwon, Sungoh},
	month = nov,
	year = {2009},
	pages = {1--6}
}

@inproceedings{aho_benchmarking_2010,
	title = {Benchmarking of {VoIP} over {HSDPA} and {LTE} performance with realistic network data},
	isbn = {978-1-4244-6855-3},
	url = {http://ieeexplore.ieee.org/lpdocs/epic03/wrapper.htm?arnumber=5483803},
	doi = {10.1109/ISWPC.2010.5483803},
	urldate = {2014-07-21TZ},
	publisher = {IEEE},
	author = {Aho, Kari and Repo, Ilmari and Puttonen, Jani and Henttonen, Tero and Moisio, Martti and Kurjenniemi, Janne and Chang, Kwangrok},
	year = {2010},
	pages = {401--406}
}

@inproceedings{anas_combined_2008,
	title = {Combined {Admission} {Control} and {Scheduling} for {QoS} {Differentiation} in {LTE} {Uplink}},
	isbn = {978-1-4244-1721-6},
	url = {http://ieeexplore.ieee.org/lpdocs/epic03/wrapper.htm?arnumber=4657151},
	doi = {10.1109/VETECF.2008.319},
	urldate = {2014-07-21TZ},
	publisher = {IEEE},
	author = {Anas, Mohmmad and Rosa, Claudio and Calabrese, Francesco D. and Pedersen, Klaus I. and Mogensen, Preben E.},
	month = sep,
	year = {2008},
	pages = {1--5}
}

@article{rodrigues_qos-driven_2008,
	title = {{QoS}-driven adaptive congestion control for voice over {IP} in multiservice wireless cellular networks},
	volume = {46},
	issn = {0163-6804},
	url = {http://ieeexplore.ieee.org/lpdocs/epic03/wrapper.htm?arnumber=4427237},
	doi = {10.1109/MCOM.2008.4427237},
	number = {1},
	urldate = {2014-07-21TZ},
	journal = {IEEE Communications Magazine},
	author = {Rodrigues, Emanuel and Cavalcanti, Francisco and Wanstedt, Stefan},
	month = jan,
	year = {2008},
	pages = {100--107}
}

@inproceedings{jiang_principle_2007,
	title = {Principle and {Performance} of {Semi}-{Persistent} {Scheduling} for {VoIP} in {LTE} {System}},
	isbn = {1-4244-1311-7, 1-4244-1312-5, 978-1-4244-1311-9, 978-1-4244-1312-6},
	url = {http://ieeexplore.ieee.org/lpdocs/epic03/wrapper.htm?arnumber=4340485},
	doi = {10.1109/WICOM.2007.710},
	urldate = {2014-07-21TZ},
	publisher = {IEEE},
	author = {Jiang, Dajie and Wang, Haiming and Malkamaki, Esa and Tuomaala, Esa},
	month = sep,
	year = {2007},
	pages = {2861--2864}
}

@inproceedings{badard_migration_2010,
	title = {Migration to {VoIP} over mobile networks: {Technical} challenges and economic opportunity analysis},
	isbn = {978-1-4244-6704-4},
	shorttitle = {Migration to {VoIP} over mobile networks},
	url = {http://ieeexplore.ieee.org/lpdocs/epic03/wrapper.htm?arnumber=5624906},
	doi = {10.1109/NETWKS.2010.5624906},
	urldate = {2014-07-21TZ},
	publisher = {IEEE},
	author = {Badard, Benoit and Diascorn, Vincent and Boulmier, Guillaume and Vicard, Annie Druault and Renard, Vladimir and Dimassi, Abdel Hedi},
	month = sep,
	year = {2010},
	pages = {1--7}
}

@inproceedings{choi_mac_2007,
	title = {{MAC} {Scheduling} {Scheme} for {VoIP} {Traffic} {Service} in 3G {LTE}},
	isbn = {978-1-4244-0263-2, 978-1-4244-0263-2},
	url = {http://ieeexplore.ieee.org/lpdocs/epic03/wrapper.htm?arnumber=4349956},
	doi = {10.1109/VETECF.2007.307},
	urldate = {2014-07-21TZ},
	publisher = {IEEE},
	author = {Choi, Sunggu and Jun, Kyungkoo and Shin, Yeonseung and Kang, Seokhoon and Choi, Byoungjo},
	month = sep,
	year = {2007},
	pages = {1441--1445}
}

@book{international_conference_on_advanced_communication_technology_12th_2010,
	address = {Piscataway, N.J.},
	title = {The 12th {International} {Conference} on {Advanced} {Communication} {Technology} {lCT} for {Green} {Growth} and {Sustainable} {Development}, {Phoenix} {Park}, {Korea}, {Feb}. 7-10, 2010, proceedings: {ICACT} 2010},
	isbn = {9781424454273 1424454271 9788955191462 8955191464 9788955191455 8955191456},
	shorttitle = {The 12th {International} {Conference} on {Advanced} {Communication} {Technology} {lCT} for {Green} {Growth} and {Sustainable} {Development}, {Phoenix} {Park}, {Korea}, {Feb}. 7-10, 2010, proceedings},
	language = {English},
	publisher = {IEEE},
	editor = {International Conference on Advanced Communication Technology, Institute of Electrical {and} Electronics Engineers and {IEEE Communications Society} and {Global IT Research Institute} and {Han'guk ChoÌ†ngbo Sahoe ChinhuÌ†ngwoÌ†n} and {Han'guk ChoÌ†nja T'ongsin YoÌ†n'guwoÌ†n}},
	year = {2010}
}

@inproceedings{talukdar_streaming_2010,
	title = {Streaming {Video} {Capacities} of {LTE} {Air}-{Interface}},
	isbn = {978-1-4244-6402-9},
	url = {http://ieeexplore.ieee.org/lpdocs/epic03/wrapper.htm?arnumber=5502120},
	doi = {10.1109/ICC.2010.5502120},
	urldate = {2014-07-21TZ},
	publisher = {IEEE},
	author = {Talukdar, A. and Cudak, M. and Ghosh, A.},
	month = may,
	year = {2010},
	pages = {1--5}
}

@inproceedings{wang_video_2011,
	title = {Video telephony over downlink {LTE} systems with/without {QoS} provisioning},
	isbn = {978-1-61284-681-1},
	url = {http://ieeexplore.ieee.org/lpdocs/epic03/wrapper.htm?arnumber=5876467},
	doi = {10.1109/SARNOF.2011.5876467},
	urldate = {2014-07-21TZ},
	publisher = {IEEE},
	author = {Wang, Dandan and Soni, Robert and Chen, Pichun and Rao, Anil},
	month = may,
	year = {2011},
	pages = {1--5}
}

@inproceedings{shuaib_smoothing_2010-1,
	title = {Smoothing of video transmission rates for an {LTE} network},
	isbn = {978-1-4244-7743-2},
	url = {http://ieeexplore.ieee.org/lpdocs/epic03/wrapper.htm?arnumber=5644857},
	doi = {10.1109/WIMOB.2010.5644857},
	urldate = {2014-07-21TZ},
	publisher = {IEEE},
	author = {Shuaib, Khaled and Sallabi, Farag},
	month = oct,
	year = {2010},
	pages = {713--719}
}

@inproceedings{adibah_mohd_ramli_resource_2010-1,
	title = {Resource allocation technique for video streaming applications in the {LTE} system},
	isbn = {978-1-4244-7597-1},
	url = {http://ieeexplore.ieee.org/lpdocs/epic03/wrapper.htm?arnumber=5510666},
	doi = {10.1109/WOCC.2010.5510666},
	urldate = {2014-07-21TZ},
	publisher = {IEEE},
	author = {Adibah Mohd Ramli, Huda and Sandrasegaran, Kumbesan and Basukala, Riyaj and Patachaianand, Rachod and Minjie Xue and Cheng-Chung Lin},
	month = may,
	year = {2010},
	pages = {1--5}
}

@book{institute_of_electrical_and_electronics_engineers_19th_2010,
	address = {Piscataway, NJ},
	title = {19th {Annual} {Wireless} and {Optical} {Communications} {Conference} ({WOCC}), 2010: 14 - 15 {May} 2010, {Shanghai}, {China}},
	isbn = {9781424475964 1424475961 9781424475971 142447597X},
	shorttitle = {19th {Annual} {Wireless} and {Optical} {Communications} {Conference} ({WOCC}), 2010},
	url = {http://ieeexplore.ieee.org/servlet/opac?punumber=5507485},
	language = {English},
	urldate = {2014-07-21TZ},
	publisher = {IEEE},
	author = {Institute of Electrical {and} Electronics Engineers, WOCC, Annual Wireless {and} Optical Communications Conference},
	year = {2010}
}

@article{sadiq_downlink_2009,
	title = {Downlink {Scheduling} for {Multiclass} {Traffic} in {LTE}},
	volume = {2009},
	issn = {1687-1499},
	url = {http://jwcn.eurasipjournals.com/content/2009/1/510617},
	doi = {10.1155/2009/510617},
	language = {en},
	number = {1},
	urldate = {2014-07-21TZ},
	journal = {EURASIP Journal on Wireless Communications and Networking},
	author = {Sadiq, Bilal and Madan, Ritesh and Sampath, Ashwin},
	year = {2009},
	pages = {510617}
}